@article{theta*,
    author = "A. Nash, K. Daniel, S. Koenig and A. Felner",
    title = "{Theta*: Any-Angle Path Planning on Grids}",
    journal = "In Proceedings of the AAAI Conference on Artificial Intelligence (AAAI)",
    pages = "1177--1183",
    year = "2007",
    keywords = "artificial intelligence"
}

@article{theta*ingaming,
    author = "Billy Phuc Le, Nguyen Truong, Min Su Kim, Wonshoup So and Jae Hak Jung",
    title = "{Applying Theta* in Modern Game}",
    journal = "The 9th International Conference on Computer and Electrical Engineering (ICCEE 2016)",
    year = "2016",
    keywords = "artificial intelligence"
}